<?xml version="1.0" encoding="UTF-8"?><record xmlns="http://www.loc.gov/MARC21/slim" xmlns:cinclude="http://apache.org/cocoon/include/1.0" xmlns:zs="http://www.loc.gov/zing/srw/">
  <leader>00753cz  a2200169n  4500</leader>
  <controlfield tag="001">n  83163079 </controlfield>
  <controlfield tag="003">DLC</controlfield>
  <controlfield tag="005">19971018054322.6</controlfield>
  <controlfield tag="008">831130n| acannaab|          |a aaa     c</controlfield>
  <datafield tag="010" ind1=" " ind2=" ">
    <subfield code="a">n  83163079 </subfield>
  </datafield>
  <datafield tag="035" ind1=" " ind2=" ">
    <subfield code="a">(OCoLC)oca00986622 </subfield>
  </datafield>
  <datafield tag="040" ind1=" " ind2=" ">
    <subfield code="a">DGPO</subfield>
    <subfield code="c">DLC</subfield>
    <subfield code="d">WaU</subfield>
  </datafield>
  <datafield tag="100" ind1="1" ind2="0">
    <subfield code="a">Davis, Robert K.</subfield>
  </datafield>
  <datafield tag="400" ind1="1" ind2="0">
    <subfield code="a">Davis, R. K.</subfield>
    <subfield code="q">(Robert K.)</subfield>
  </datafield>
  <datafield tag="670" ind1=" " ind2=" ">
    <subfield code="a">His Pricing and efficiency in water resource management, 1971:</subfield>
    <subfield code="b">t.p. (Robert K. Davis, Natural Resource Policy Ctr., George Washington Univ.)</subfield>
  </datafield>
  <datafield tag="670" ind1=" " ind2=" ">
    <subfield code="a">LC data base, 11/7/83</subfield>
    <subfield code="b">(hdg.: Davis, Robert K.)</subfield>
  </datafield>
  <datafield tag="670" ind1=" " ind2=" ">
    <subfield code="a">Some economic and policy issues concerning the management of red and grey kangaroos ... 1995:</subfield>
    <subfield code="b">t.p. (Robert K. Davis; visiting fellow, Dept. of Economics, Univ. of Queensland) cover (R.K. Davis)</subfield>
  </datafield>
</record>